%% LaTeX2e file `ik-poster_template.bib'
%% generated by the `filecontents' environment
%% from source `ik-poster_template' on 2019/02/11.
%%
@InBook{katja2013,
  author = {Katja Hellekes and Till Bockemühl},
  year = {2013},
  title = {How to Format a Poster Abstract},
  booktitle = {IK Documentation},
  address = {Günne, Germany},
  publisher = {IK Press},
}
}
