
@article{nikolic2009distributed,
  title={Distributed fading memory for stimulus properties in the primary visual cortex},
  author={Nikoli{\'c}, Danko and H{\"a}usler, Stefan and Singer, Wolf and Maass, Wolfgang},
  journal={PLoS biology},
  volume={7},
  number={12},
  pages={e1000260},
  year={2009},
  publisher={Public Library of Science}
}

@article{kloeden2000pullback,
  title={Pullback attractors in nonautonomous difference equations},
  author={Kloeden, Peter E},
  journal={Journal of Difference Equations and Applications},
  volume={6},
  number={1},
  pages={33--52},
  year={2000},
  publisher={Taylor \& Francis}
}

@article{caraballo2006pullback,
  title={Pullback attractors for asymptotically compact non-autonomous dynamical systems},
  author={Caraballo, Tom{\'a}s and {\L}ukaszewicz, Grzegorz and Real, Jos{\'e}},
  journal={Nonlinear Analysis: Theory, Methods \& Applications},
  volume={64},
  number={3},
  pages={484--498},
  year={2006},
  publisher={Elsevier}
}

@article{arviv2015near,
  title={Near-critical dynamics in stimulus-evoked activity of the human brain and its relation to spontaneous resting-state activity},
  author={Arviv, Oshrit and Goldstein, Abraham and Shriki, Oren},
  journal={Journal of Neuroscience},
  volume={35},
  number={41},
  pages={13927--13942},
  year={2015},
  publisher={Soc Neuroscience}
}

@article{gros2009cognitive,
  title={Cognitive computation with autonomously active neural networks: an emerging field},
  author={Gros, Claudius},
  journal={Cognitive Computation},
  volume={1},
  number={1},
  pages={77--90},
  year={2009},
  publisher={Springer}
}

@article{mitra2016networks,
  title={How networks communicate: propagation patterns in spontaneous brain activity},
  author={Mitra, Anish and Raichle, Marcus E},
  journal={Philosophical Transactions of the Royal Society B: Biological Sciences},
  volume={371},
  number={1705},
  pages={20150546},
  year={2016},
  publisher={The Royal Society}
}

@article{petermann2009spontaneous,
  title={Spontaneous cortical activity in awake monkeys composed of neuronal avalanches},
  author={Petermann, Thomas and Thiagarajan, Tara C and Lebedev, Mikhail A and Nicolelis, Miguel AL and Chialvo, Dante R and Plenz, Dietmar},
  journal={Proceedings of the National Academy of Sciences},
  volume={106},
  number={37},
  pages={15921--15926},
  year={2009},
  publisher={National Acad Sciences}
}


@article{berkes2011spontaneous,
  title={Spontaneous cortical activity reveals hallmarks of an optimal internal model of the environment},
  author={Berkes, Pietro and Orb{\'a}n, Gerg{\H{o}} and Lengyel, M{\'a}t{\'e} and Fiser, J{\'o}zsef},
  journal={Science},
  volume={331},
  number={6013},
  pages={83--87},
  year={2011},
  publisher={American Association for the Advancement of Science}
}

@article{gros1990criterion,
  title={Criterion for a good variational wave function},
  author={Gros, Claudius},
  journal={Physical Review B},
  volume={42},
  number={10},
  pages={6835},
  year={1990},
  publisher={APS}
}

@article{cannon2017stable,
  title={Stable Control of Firing Rate Mean and Variance by Dual Homeostatic Mechanisms},
  author={Cannon, Jonathan and Miller, Paul},
  journal={The Journal of Mathematical Neuroscience},
  volume={7},
  number={1},
  pages={1},
  year={2017},
  publisher={Springer}
}

@article{wernecke2019chaos,
  title={Chaos in time delay systems, an educational review},
  author={Wernecke, Hendrik and S{\'a}ndor, Bulcs{\'u} and Gros, Claudius},
  journal={arXiv preprint arXiv:1901.04826},
  year={2019}
}

@article{linkerhand2013self,
  title={Self-organized stochastic tipping in slow-fast dynamical systems},
  author={Linkerhand, Mathias and Gros, Claudius},
  journal={Mathematics and Mechanics of Complex Systems},
  volume={1},
  number={2},
  pages={129--147},
  year={2013},
  publisher={Mathematical Sciences Publishers}
}

@book{gros2015complex,
  title={Complex and adaptive dynamical systems: A primer},
  author={Gros, C.},
  year={2015},
  publisher={Springer}
}

@article{markovic2010self,
  title={Self-organized chaos through polyhomeostatic optimization},
  author={Markovic, Dimitrije and Gros, Claudius},
  journal={Physical Review Letters},
  volume={105},
  number={6},
  pages={068702},
  year={2010},
  publisher={APS}
}

@article{echeveste2014generating,
  title={Generating functionals for computational intelligence: the Fisher information as an objective function for self-limiting Hebbian learning rules},
  author={Echeveste, Rodrigo and Gros, Claudius},
  journal={Frontiers in Robotics and AI},
  volume={1},
  pages={1},
  year={2014},
  publisher={Frontiers}
}

@article{yildiz2012re,
  title={Re-visiting the echo state property},
  author={Yildiz, Izzet B and Jaeger, Herbert and Kiebel, Stefan J},
  journal={Neural networks},
  volume={35},
  pages={1--9},
  year={2012},
  publisher={Elsevier}
}

@article{manjunath2013echo,
  title={Echo state property linked to an input: Exploring a fundamental characteristic of recurrent neural networks},
  author={Manjunath, Gandhi and Jaeger, Herbert},
  journal={Neural computation},
  volume={25},
  number={3},
  pages={671--696},
  year={2013},
  publisher={MIT Press}
}

@article{wainrib2016local,
  title={A local Echo State Property through the largest Lyapunov exponent},
  author={Wainrib, Gilles and Galtier, Mathieu N},
  journal={Neural Networks},
  volume={76},
  pages={39--45},
  year={2016},
  publisher={Elsevier}
}


@article{schrauwen2008improving,
  title={Improving reservoirs using intrinsic plasticity},
  author={Schrauwen, Benjamin and Wardermann, Marion and Verstraeten, David and Steil, Jochen J and Stroobandt, Dirk},
  journal={Neurocomputing},
  volume={71},
  number={7-9},
  pages={1159--1171},
  year={2008},
  publisher={Elsevier}
}

@article{marder2006variability,
  title={Variability, compensation and homeostasis in neuron and network function},
  author={Marder, Eve and Goaillard, Jean-Marc},
  journal={Nature Reviews Neuroscience},
  volume={7},
  number={7},
  pages={563},
  year={2006},
  publisher={Nature Publishing Group}
}

@book{jaeger2002tutorial,
  title={Tutorial on training recurrent neural networks, covering BPPT, RTRL, EKF and the" echo state network" approach},
  author={Jaeger, Herbert},
  volume={5},
  year={2002},
  publisher={GMD-Forschungszentrum Informationstechnik Bonn}
}

@inproceedings{jaeger2005reservoir,
  title={Reservoir riddles: Suggestions for echo state network research},
  author={Jaeger, Herbert},
  booktitle={Proceedings. 2005 IEEE International Joint Conference on Neural Networks, 2005.},
  volume={3},
  pages={1460--1462},
  year={2005},
  organization={IEEE}
}

@article{ozturk2007analysis,
  title={Analysis and design of echo state networks},
  author={Ozturk, Mustafa C and Xu, Dongming and Pr{\'\i}ncipe, Jos{\'e} C},
  journal={Neural computation},
  volume={19},
  number={1},
  pages={111--138},
  year={2007},
  publisher={MIT Press}
}

@article{farkavs2016computational,
  title={Computational analysis of memory capacity in echo state networks},
  author={Farka{\v{s}}, Igor and Bos{\'a}k, Radom{\'\i}r and Gergel', Peter},
  journal={Neural Networks},
  volume={83},
  pages={109--120},
  year={2016},
  publisher={Elsevier}
}

@article{boedecker2012information,
  title={Information processing in echo state networks at the edge of chaos},
  author={Boedecker, Joschka and Obst, Oliver and Lizier, Joseph T and Mayer, N Michael and Asada, Minoru},
  journal={Theory in Biosciences},
  volume={131},
  number={3},
  pages={205--213},
  year={2012},
  publisher={Springer}
}

@article{gallicchio2017echo,
  title={Echo state property of deep reservoir computing networks},
  author={Gallicchio, Claudio and Micheli, Alessio},
  journal={Cognitive Computation},
  volume={9},
  number={3},
  pages={337--350},
  year={2017},
  publisher={Springer}
}

@inproceedings{caluwaerts2013spectral,
  title={The spectral radius remains a valid indicator of the echo state property for large reservoirs},
  author={Caluwaerts, Ken and Wyffels, Francis and Dieleman, Sander and Schrauwen, Benjamin},
  booktitle={Neural Networks (IJCNN), The 2013 International Joint Conference on},
  pages={1--6},
  year={2013},
  organization={IEEE}
}


@article{enel2016reservoir,
  title={Reservoir computing properties of neural dynamics in prefrontal cortex},
  author={Enel, Pierre and Procyk, Emmanuel and Quilodran, Ren{\'e} and Dominey, Peter Ford},
  journal={PLoS computational biology},
  volume={12},
  number={6},
  pages={e1004967},
  year={2016},
  publisher={Public Library of Science}
}

@article{boedecker2009initialization,
  title={Initialization and self-organized optimization of recurrent neural network connectivity},
  author={Boedecker, Joschka and Obst, Oliver and Mayer, N Michael and Asada, Minoru},
  journal={HFSP journal},
  volume={3},
  number={5},
  pages={340--349},
  year={2009},
  publisher={Taylor \& Francis}
}

@article{cocchi2017criticality,
  title={Criticality in the brain: A synthesis of neurobiology, models and cognition},
  author={Cocchi, Luca and Gollo, Leonardo L and Zalesky, Andrew and Breakspear, Michael},
  journal={Progress in neurobiology},
  volume={158},
  pages={132--152},
  year={2017},
  publisher={Elsevier}
}

@article{schuecker2018optimal,
  title={Optimal sequence memory in driven random networks},
  author={Schuecker, Jannis and Goedeke, Sven and Helias, Moritz},
  journal={Physical Review X},
  volume={8},
  number={4},
  pages={041029},
  year={2018},
  publisher={APS}
}

@article{livi2018determination,
  title={Determination of the edge of criticality in echo state networks through Fisher information maximization},
  author={Livi, Lorenzo and Bianchi, Filippo Maria and Alippi, Cesare},
  journal={IEEE Transactions on Neural Networks and Learning Systems},
  volume={29},
  number={3},
  pages={706--717},
  year={2018},
  publisher={IEEE}
}

@article{maass2002real,
  title={Real-time computing without stable states: A new framework for neural computation based on perturbations},
  author={Maass, Wolfgang and Natschl{\"a}ger, Thomas and Markram, Henry},
  journal={Neural computation},
  volume={14},
  number={11},
  pages={2531--2560},
  year={2002},
  publisher={MIT Press}
}

@article{lukovsevivcius2009reservoir,
  title={Reservoir computing approaches to recurrent neural network training},
  author={Luko{\v{s}}evi{\v{c}}ius, Mantas and Jaeger, Herbert},
  journal={Computer Science Review},
  volume={3},
  number={3},
  pages={127--149},
  year={2009},
  publisher={Elsevier}
}

@article{sompolinsky1988chaos,
  title={Chaos in random neural networks},
  author={Sompolinsky, Haim and Crisanti, Andrea and Sommers, Hans-Jurgen},
  journal={Physical review letters},
  volume={61},
  number={3},
  pages={259},
  year={1988},
  publisher={APS}
}

@inproceedings{triesch2005gradient,
  title={A gradient rule for the plasticity of a neuron’s intrinsic excitability},
  author={Triesch, Jochen},
  booktitle={International Conference on Artificial Neural Networks},
  pages={65--70},
  year={2005},
  organization={Springer}
}

